<record><leader>00000cas a2200000Ia 4500</leader><controlfield tag="001">33477209</controlfield><controlfield tag="008">951114d19531978scuwr n       0    0eng d</controlfield><datafield ind1=" " ind2=" " tag="010"><subfield code="a">sn 95077205 </subfield></datafield><datafield ind1=" " ind2=" " tag="040"><subfield code="a">SUC</subfield><subfield code="b">eng</subfield><subfield code="c">SUC</subfield><subfield code="d">OCLCQ</subfield></datafield><datafield ind1="0" ind2="4" tag="245"><subfield code="a">The Anderson free press.</subfield></datafield><datafield ind1=" " ind2=" " tag="260"><subfield code="a">Anderson, S.C. :</subfield><subfield code="b">Anderson Free Press</subfield></datafield><datafield ind1=" " ind2=" " tag="300"><subfield code="a">v.</subfield></datafield><datafield ind1=" " ind2=" " tag="310"><subfield code="a">Weekly</subfield></datafield><datafield ind1="1" ind2=" " tag="362"><subfield code="a">Began in 1953; ceased in 1978?</subfield></datafield><datafield ind1=" " ind2=" " tag="588"><subfield code="a">Description based on: Vol. 1, no. 40 (June 3, 1953).</subfield></datafield><datafield ind1=" " ind2="4" tag="651"><subfield code="a">Anderson County (S.C.)</subfield><subfield code="v">Newspapers.</subfield></datafield><datafield ind1=" " ind2=" " tag="752"><subfield code="a">United States</subfield><subfield code="b">South Carolina</subfield><subfield code="c">Anderson</subfield><subfield code="d">Anderson.</subfield></datafield></record>